<?xml version="1.0" encoding="UTF-8"?><collection xmlns="http://www.loc.gov/MARC21/slim"><record><leader>00448nam--2200169-u-4500</leader><controlfield tag="001">000051861</controlfield><controlfield tag="002">20161230</controlfield><controlfield tag="005">20161230201049</controlfield><controlfield tag="008">090318s1000------------r-----000-0-eng-d</controlfield><datafield ind1=" " ind2=" " tag="040"><subfield code="a">IFIN-HH</subfield></datafield><datafield ind1=" " ind2=" " tag="080"><subfield code="a">517.93</subfield></datafield><datafield ind1="1" ind2=" " tag="100"><subfield code="a">Mitropolskii, Yu. A</subfield></datafield><datafield ind1="1" ind2="0" tag="245"><subfield code="a">Chislenn0-Analiticheskie Metody Resheniya Zadach Teploprovodnosti i Elektrodinamiki</subfield></datafield><datafield ind1=" " ind2=" " tag="260"><subfield code="a">Kiev</subfield><subfield code="c">1979</subfield></datafield><datafield ind1=" " ind2=" " tag="300"><subfield code="a">179 p</subfield></datafield><datafield ind1=" " ind2=" " tag="852"><subfield code="a">48858</subfield><subfield code="c">517.9</subfield></datafield><datafield ind1=" " ind2=" " tag="CAT"><subfield code="a">Sys</subfield><subfield code="c">20090318</subfield><subfield code="h">150057</subfield></datafield></record></collection>